@book{pozar_2012, place={Hoboken, NJ}, title={Microwave engineering}, publisher={Wiley}, author={Pozar, David M.}, year={2012}}

@inproceedings{Razavi1996DesignOM,
  title={Design of monolithic phase-locked loops and clock recovery circuitsDa tutorial},
  author={Behzad Razavi},
  year={1996}
}

@book{razavi_2017, place={New York}, title={Design of analog CMOS integrated circuits}, publisher={McGraw-Hill Education}, author={Razavi, Behzad}, year={2017}}


@article{gardner_1980, title={Charge-Pump Phase-Lock Loops}, volume={28}, DOI={10.1109/tcom.1980.1094619}, number={11}, journal={IEEE Transactions on Communications}, author={Gardner, F.}, year={1980}, month={Nov}, pages={1849-1858}}

@article{brockett_1965, title={Poles, zeros, and feedback: State space interpretation}, volume={10}, DOI={10.1109/tac.1965.1098118}, number={2}, journal={IEEE Transactions on Automatic Control}, author={Brockett, R.}, year={1965}, pages={129-135}}

@article{perrott_2002, title={A modeling approach for Sigma-Delta fractional-N frequency synthesizers allowing straightforward noise analysis}, volume={37}, DOI={10.1109/jssc.2002.800925}, number={8}, journal={IEEE Journal of Solid-State Circuits}, author={Perrott, M.h. and Trott, M.d. and Sodini, C.g.}, year={2002}, pages={1028-1038}}

@article{vannicola_varshney_1983, title={Spectral Dispersion of Modulated Signals Due to Oscillator Phase Instability: White and Random Walk Phase Model}, volume={31}, DOI={10.1109/tcom.1983.1095902}, number={7}, journal={IEEE Transactions on Communications}, author={Vannicola, V. and Varshney, P.}, year={1983}, pages={886-895}}

@article{spalvieri_2006, title={Optimal Loop Filter of the Discrete-time PLL in the Presence of Phase Noise}, DOI={10.1109/iscc.2006.115}, journal={11th IEEE Symposium on Computers and Communications (ISCC06)}, author={Spalvieri, A.}, year={2006}}