@book{pozar_2012, place={Hoboken, NJ}, title={Microwave engineering}, publisher={Wiley}, author={Pozar, David M.}, year={2012}}